@book{floyd,
  title={Fundamentos de sistemas digitales},
  author={Floyd, T.L.},
  isbn={9788490353004},
  url={https://books.google.com.mx/books?id=ZzMQkAEACAAJ},
  year={2016},
  publisher={Pearson Educaci{\'o}n}
}

@ARTICLE{trimberger, 
author={S. M. Trimberger}, 
journal={Proceedings of the IEEE}, 
title={{Three Ages of FPGAs: A Retrospective on the First Thirty Years of FPGA Technology}}, 
year={2015}, 
volume={103}, 
number={3}, 
pages={318-331}, 
keywords={field programmable gate arrays;FPGA technology;field programmable gate arrays;process technology scaling;quantitative effects;Moore law;Field programmable gate arrays;Application specific integrated circuits;Computer architecture;Transistors;Reconfigurable architectures;Technological innovation;Logic gates;Application-specific integrated circuit (ASIC);commercialization;economies of scale;field-programmable gate array (FPGA);industrial economics;Moore's Law;programmable logic}, 
doi={10.1109/JPROC.2015.2392104}, 
ISSN={0018-9219}, 
month={March},}

@book{vasco,
  title={Principios de dise{\~n}o de sistemas digitales : conceptos b{\'a}sicos y ejemplos},
  author={Gallego, O.A. and Uriarte, O.A. and Frutos, A.A.},
  isbn={9788498600902},
  url={https://books.google.com.mx/books?id=NXshQwAACAAJ},
  year={2008},
  publisher={Universidad del Pa{\'\i}s Vasco. Servicio Editorial = Euskal Herriko Unibertsitatea. Argitarapen Zerbitzua}
}

@article{bajaj,
author = {Bajaj, Ronak and Fahmy, Suhaib},
year = {2015},
month = {01},
pages = {1-1},
title = {{Mapping for maximum performance on FPGA DSP blocks}},
volume = {35},
booktitle = {IEEE Transactions on Computer-Aided Design of Integrated Circuits and Systems}
}

@article{survey,
 author = {Kuon, Ian and Tessier, Russell and Rose, Jonathan},
 title = {{FPGA Architecture: Survey and Challenges}},
 journal = {Found. Trends Electron. Des. Autom.},
 issue_date = {February 2008},
 volume = {2},
 number = {2},
 month = feb,
 year = {2008},
 issn = {1551-3939},
 pages = {135--253},
 numpages = {119},
 url = {http://dx.doi.org/10.1561/1000000005},
 doi = {10.1561/1000000005},
 acmid = {1454696},
 publisher = {Now Publishers Inc.},
 address = {Hanover, MA, USA}
} 

@online{vs,
 author = {Rob Dekker},
  title = {{What’s the Difference Between VHDL, Verilog, and SystemVerilog?}},
  note = {Disponible en \url{https://www.electronicdesign.com/what-s-difference-between/what-s-difference-between-vhdl-verilog-and-systemverilog}, accesado 2018-09-29}
}

@online{tarun,
 author = {Tarun Agarwal},
  title = {{Basic FPGA Architecture and its Applications}},
  note = {Disponible en \url{https://www.edgefx.in/fpga-architecture-applications/}, accesado 2018-09-29}
}

@online{ni,
 author = {National Instruments},
  title = {{Introducción a la Tecnología FPGA: Los Cinco Beneficios Principales}},
  note = {Disponible en \url{http://www.ni.com/white-paper/6984/es/}, accesado 2018-09-29},
  year = 2011
}


@online{stream,
 author = {David Streams},
  title = {{La Tecnología FPGA: futuro y beneficios principales}},
  note = {Disponible en \url{https://www.davidstreams.com/2016/11/20/la-tecnologia-fpga-futuro-y-beneficios-principales/}, accesado 2018-09-29},
  year = 2016
}

@online{ni2,
 author = {Consorcio mexicano de microsistemas},
  title = {{Tecnología FPGA}},
  note = {Disponible en \url{http://www.cmm.org.mx/index.php/microsistemas/tecnologia-fpga}, accesado 2018-09-29}
}

@online{xc2064,
 author = {Xilinx},
  title = {{Xilinx XC2064—world’s first commercial FPGA—inducted into IEEE’s Chip Hall of Fame today}},
  note = {Disponible en \url{https://forums.xilinx.com/t5/Xcell-Daily-Blog-Archived/Xilinx-XC2064-world-s-first-commercial-FPGA-inducted-into-IEEE-s/ba-p/775806}, accesado 2018-09-30},
  year = 2017
}

@online{my,
 author = {Xilinx},
  title = {{FPGA Concept and Xilinx FPGA Architecture}},
  note = {Disponible en \url{https://myweb.ntut.edu.tw/~tylee/Courses/IC_Analysis_Simulation/CHAP1-4-Concept-Architecture.pdf}, accesado 2018-09-30}
}

@online{guan,
 author = {Guan-Lin Wu},
  title = {{Introduction to FPGA}},
  note = {Disponible en \url{http://cc.ee.ntu.edu.tw/~jhjiang/instruction/courses/fall11-cvsd/LN13-FPGA.pdf}, accesado 2018-09-30}
}

@online{pbxi,
 author = {Xilinx},
  title = {{Basic FPGA Architecture}},
  note = {Disponible en \url{https://slideplayer.com/slide/10206100/}, accesado 2018-10-01}
}

@online{xiapps,
 author = {Xilinx},
  title = {{Applications}},
  note = {Disponible en \url{https://www.xilinx.com/applications.html}, accesado 2018-10-01}
}

@online{cmod,
 author = {Xilinx},
  title = {{Cmod S6 FPGA Board Reference Manual}},
  note = {Disponible en \url{https://reference.digilentinc.com/_media/reference/programmable-logic/cmod-s6/cmods6_rm.pdf}, accesado 2018-10-04}
}

@book{dummy,
  author    = {John Wiley and Sons Inc.}, 
  title     = {FPGAs For Dummies, 2nd Intel Special Edition},
  year      = 2017,
  edition   = 2
}

@book{three,
   title =     {Tree-based Heterogeneous FPGA Architectures: Application Specific Exploration and Optimization},
   author =    {Umer Farooq, Zied Marrakchi, Habib Mehrez (auth.)},
   publisher = {Springer-Verlag New York},
   isbn =      {978-1-4614-3593-8,978-1-4614-3594-5},
   year =      {2012},
   series =    {},
   edition =   {1},
   volume =    {},
   url =       {http://gen.lib.rus.ec/book/index.php?md5=296c04444a21429a7ea4b559b1ebff07}
}